@article{tripathi2000econometric,
	title={ECONOMETRIC METHODS: by Jack Johnston and John DiNardo, McGraw Hill, 1997},
	author={Tripathi, Gautam},
	journal={Econometric Theory},
	volume={16},
	number={1},
	pages={139--142},
	year={2000},
	publisher={Cambridge University Press}
}

@article{dinardo1997econometric,
	title={Econometric methods},
	author={Dinardo, John and Johnston, Jack and Johnston, John},
	journal={Forth Edition) McGraw-Hill Companies, Inc},
	pages={204--326},
	year={1997}
}
@book{morettin2018analise,
  title={An{\'a}lise de s{\'e}ries temporais: modelos lineares univariados},
  author={Morettin, Pedro A and Toloi, Cl{\'e}lia MC},
  year={2018},
  publisher={Editora Blucher}
}
@book{hamilton2020time,
	title={Time series analysis},
	author={Hamilton, James Douglas},
	year={2020},
	publisher={Princeton university press}
}
@book{shumway2000time,
  title={Time series analysis and its applications},
  author={Shumway, Robert H and Stoffer, David S and Stoffer, David S},
  volume={3},
  year={2000},
  publisher={Springer}
}

@article{de2018tendencias,
	title={Tend{\^e}ncias e Ra{\'\i}zes Unit{\'a}rias},
	author={de Mattos, Rog{\'e}rio Silva},
	journal={Texto Did{\'a}tico},
	year={2018}
}

@book{fischer1982series,
	title={S{\'e}ries univariantes de tempo-metodologia de Box \& Jenkins},
	author={Fischer, SERGIO},
	year={1982},
	publisher={Funda{\c{c}}{\~a}o de Economia e Estat{\'\i}stica}
}

@incollection{morettin2006analise,
	title={An{\'a}lise de s{\'e}ries temporais},
	author={Morettin, Pedro A and Toloi, Cl{\'e}lia},
	booktitle={An{\'a}lise de s{\'e}ries temporais},
	pages={538--538},
	year={2006}
}

@book{enders2008applied,
	title={Applied econometric time series},
	author={Enders, Walter},
	year={2008},
	publisher={John Wiley \& Sons}
}
@article{box1964analysis,
	title={An analysis of transformations},
	author={Box, George EP and Cox, David R},
	journal={Journal of the Royal Statistical Society: Series B (Methodological)},
	volume={26},
	number={2},
	pages={211--243},
	year={1964},
	publisher={Wiley Online Library}
}
@book{hyndman2018forecasting,
	title={Forecasting: principles and practice},
	author={Hyndman, Rob J and Athanasopoulos, George},
	year={2018},
	publisher={OTexts}
}